@article{KoenkerBassett1978,
  title   = {Regression Quantiles},
  author  = {Koenker, R. and Bassett, G.},
  journal = {Econometrica},
  number  = 1,
  pages   = {33--50},
  volume  = 46,
  year    = 1978
}

@book{Kotz2001,
  title     = {The {L}aplace Distribution and Generalizations: {A}
               Revisit with Applications to Communications,
               Economics, Engineering, and Finance},
  author    = {Kotz, S. and Kozubowski, T. and Podg\'orski, K.},
  publisher = {Birkh$\acute{a}$user},
  address   = {Boston},
  abstract  = {http://opac.inria.fr/record=b1131056},
  isbn      = {978-0-8176-4166-5},
  year      = 2001
}

@article{Pozd:etal:2017,
  author  = {Pozdnyakov, V. and Elbroch, L. M. and Labarga, A. and
             Meyer, T.  and Yan, J.},
  title   = {Discretely Observed {B}rownian Motion Governed by
             Telegraph Process: {E}stimation},
  journal = {Methodology and Computing in Applied Probability},
  year    = 2019,
  volume  = 21,
  number  = 3,
  pages   = {907--920},
  issn    = {1573-7713},
  doi     = {10.1007/s11009-017-9547-6},
  url     = {https://doi.org/10.1007/s11009-017-9547-6}
}

@misc{danyluk2021computing,
  title={Computing competencies for undergraduate data science curricula},
  author={Danyluk, Andrea and Leidig, Paul and Bari, Anasse and Buck, Scott and Cassel, Lillian and Doyle, Maureen and Hines, Keegan and Ho, Tin Kam and McGettrick, Andrew and Qian, Weining and Schmitt, Karl and and Servin, Christian and Stefik, Andreas and Wang, Hongzhi},
  year={2021}
}

@online{okabe,
author = {Okabe, Masataka and Ito, Kei},
title = {Color Universal Design (CUD)
- How to make figures and presentations that are friendly to Colorblind people -},
year = {2008},
url={\url{https://jfly.uni-koeln.de/color/}},
urldate={2021-08-10}

}

@misc{cesal,
author = {Cesal, Amy},
title = {Writing Alt Text for Data Visualization},
year = {2020},
howpublished = {\url{https://medium.com/nightingale/writing-alt-text-for-data-visualization-2a218ef43f81}} 
=======
@article{Arbuthnot1710,
  author  = {John Arbuthnot},
  year    = {1710},
  title   = {An argument for {D}ivine {P}rovidence, taken from the constant regularity observed in the 
             births of both sexes},
  journal = {Philosophical Transactions of the Royal Society of London},
  volume  = {27},
  pages   = {186--190}
}

@article{Nussbaum2018,
  author    = {Barry D. Nussbaum},
  title     = {Statistics: Essential Now More Than Ever},
  journal   = {Journal of the American Statistical Association},
  volume    = {113},
  number    = {522},
  pages     = {489-493},
  year      = {2018},
  publisher = {Taylor & Francis},
  doi       = {10.1080/01621459.2018.1463486},
  url       = { 
               https://doi.org/10.1080/01621459.2018.1463486
               },
  eprint    = { 
               https://doi.org/10.1080/01621459.2018.1463486    
               }
}

@article{LaVange2019,
  author    = {Lisa M. LaVange},
  title     = {Statistics at the {FDA}: Reflections on the Past Six Years},
  journal   = {Statistics in Biopharmaceutical Research},
  volume    = {11},
  number    = {1},
  pages     = {1-12},
  year      = {2019},
  publisher = {Taylor & Francis},
  doi       = {10.1080/19466315.2019.1571322},
  url       = { 
               https://doi.org/10.1080/19466315.2019.1571322
               },
  eprint    = { 
               https://doi.org/10.1080/19466315.2019.1571322
               }
}

@article{Wasserstein2016,
  author    = {Ronald L. Wasserstein and Nicole A. Lazar},
  title     = {The {ASA}\textsc{\char13}s Statement on $p$-Values: Context, Process, and Purpose},
  journal   = {The American Statistician},
  volume    = {70},
  number    = {2},
  pages     = {129-133},
  year      = {2016},
  publisher = {Taylor & Francis},
  doi       = {10.1080/00031305.2016.1154108},
  url       = { 
               https://doi.org/10.1080/00031305.2016.1154108
               },
  eprint    = { 
               https://doi.org/10.1080/00031305.2016.1154108
               }
}

@book{Brunner,
  author    = {Richard A.~Kulka and William E.~Schlenger and John A.~Fairbank and 
               Richard L.~Hough and B.~Kathleen Jordan and Charles R.~Marmar and Daniel S.~Weiss},
  title     = {Trauma and the {V}ietnam war generation: Report of findings from the {N}ational 
               {V}ietnam {V}eterans {R}eadjustment {S}tudy},
  year      = {1990},
  publisher = {Brunner/Mazel Psychological Stess Series},
  address   = {Brussels, Belgium}
}