@manual{R-base,
  title        = {R: A Language and Environment for Statistical Computing},
  author       = {{R Core Team}},
  organization = {R Foundation for Statistical Computing},
  address      = {Vienna, Austria},
  year         = {2022},
  url          = {https://www.R-project.org/}
}

@manual{R-BrailleR,
  title  = {BrailleR: Improved Access for Blind Users},
  author = {A. Jonathan R. Godfrey and Debra Warren and Paul Murrell and Timothy Bilton and Volker Sorge},
  year   = {2022},
  note   = {R package version 0.33.2},
  url    = {https://github.com/ajrgodfrey/BrailleR}
}

@manual{R-ggplot2,
  title  = {ggplot2: Create Elegant Data Visualisations Using the Grammar of Graphics},
  author = {Hadley Wickham and Winston Chang and Lionel Henry and Thomas Lin Pedersen and Kohske Takahashi and Claus Wilke and Kara Woo and Hiroaki Yutani and Dewey Dunnington},
  year   = {2022},
  note   = {R package version 3.3.6},
  url    = {https://CRAN.R-project.org/package=ggplot2}
}

@manual{R-scales,
  title  = {scales: Scale Functions for Visualization},
  author = {Hadley Wickham and Dana Seidel},
  year   = {2022},
  note   = {R package version 1.2.0},
  url    = {https://CRAN.R-project.org/package=scales}
}

@manual{R-sonify,
  title  = {sonify: Data Sonification - Turning Data into Sound},
  author = {Stefan Siegert and Robin Williams},
  year   = {2017},
  note   = {R package version 0.0-1},
  url    = {https://CRAN.R-project.org/package=sonify}
}

@manual{R-tactileR,
  title  = {tactileR: Converting R Graphics into a Braille Ready-to-Print PDF},
  author = {JooYoung Seo},
  year   = {2022},
  note   = {R package version 0.1.0},
  url    = {https://github.com/jooyoungseo/tactileR}
}

@manual{R-tuneR,
  title  = {tuneR: Analysis of Music and Speech},
  author = {Uwe Ligges},
  year   = {2022},
  note   = {R package version 1.4.0},
  url    = {https://CRAN.R-project.org/package=tuneR}
}

@book{ggplot22016,
  author    = {Hadley Wickham},
  title     = {ggplot2: Elegant Graphics for Data Analysis},
  publisher = {Springer-Verlag New York},
  year      = {2016},
  isbn      = {978-3-319-24277-4},
  url       = {https://ggplot2.tidyverse.org}
}

@manual{tuneR2018,
  title  = {{tuneR}: Analysis of Music and Speech},
  author = {Uwe Ligges and Sebastian Krey and Olaf Mersmann and Sarah Schnackenberg},
  year   = {2018},
  url    = {https://CRAN.R-project.org/package=tuneR}
}

